<?xml version="1.0" encoding="UTF-8"?><collection xmlns="http://www.loc.gov/MARC21/slim"><record><leader>00323nam--2200121-i-4500</leader><controlfield tag="001">000016401</controlfield><controlfield tag="002">20161230</controlfield><controlfield tag="005">20161230201031</controlfield><controlfield tag="008">060222s1000------------r-----000-0-eng-d</controlfield><datafield ind1=" " ind2=" " tag="100"><subfield code="a">Sieverts, Eric Gerard</subfield></datafield><datafield ind1=" " ind2=" " tag="245"><subfield code="a">An epr and endor study on defects in silicon</subfield></datafield><datafield ind1=" " ind2=" " tag="260"><subfield code="a">Amsterdam, Universiteit, 1947. 144 P</subfield></datafield><datafield ind1=" " ind2=" " tag="852"><subfield code="a">78199</subfield></datafield></record></collection>